@article{owidcoronavirus,
    author = {Max Roser, Hannah Ritchie, Esteban Ortiz-Ospina and Joe Hasell},
    title = {Coronavirus Pandemic (COVID-19)},
    journal = {Our World in Data},
    year = {2020},
    note = {https://ourworldindata.org/coronavirus}
}
@Manual{rlang,
    title = {R: A Language and Environment for Statistical Computing},
    author = {{R Core Team}},
    organization = {R Foundation for Statistical Computing},
    address = {Vienna, Austria},
    year = {2013},
    note = {{ISBN} 3-900051-07-0},
    url = {http://www.R-project.org/},
}
@misc{trovalds, 
    title={Git},
    url={https://git-scm.com/},
    author={Trovalds, Linus}
} 
@article{Tukey_1962, 
    title={The Future of Data Analysis}, 
    volume={33}, 
    url={http://dx.doi.org/10.1214/aoms/1177704711}, 
    DOI={10.1214/aoms/1177704711}, 
    number={1}, 
    journal={The Annals of Mathematical Statistics}, 
    publisher={Institute of Mathematical Statistics}, 
    author={Tukey, John W.}, 
    year={1962}, 
    month={Mar}, 
    pages={1–67} 
}
 @book{Upton_Cook_2008, 
    place={Oxford ; New York}, 
    edition={2nd ed., rev}, 
    series={Oxford paperback reference}, 
    title={A dictionary of statistics}, 
    ISBN={9780199541454}, 
    publisher={Oxford University Press}, 
    author={Upton, Graham J. G. and Cook, Ian}, 
    year={2008}, 
    collection={Oxford paperback reference} 
}
 @book{Cox_2006, 
    place={Cambridge ; New York}, 
    title={Principles of statistical inference}, 
    ISBN={9780521685672}, 
    publisher={Cambridge University Press}, 
    author={Cox, D. R.}, 
    year={2006} 
}
@article{10.1137/1003016,
    author = {Mandelbrot, Benoit},
    title = {Contributions to Probability and Statistics: Essays in Honor of Harold Hotelling (Ingram Olkin, Sudhist G. Ghurye, Wassily Hoeffding, William G. Madow, and Henry B. Mann, Eds.)},
    year = {1961},
    issue_date = {Jan 1961},
    publisher = {Society for Industrial and Applied Mathematics},
    address = {USA},
    volume = {3},
    number = {1},
    issn = {0036-1445},
    url = {https://doi.org/10.1137/1003016},
    doi = {10.1137/1003016},
    journal = {SIAM Rev.},
    month = jan,
    pages = {278–-292}
}
@book{Vaart_2007, 
    place={Cambridge}, 
    edition={1. paperback ed., 8. printing}, 
    series={Cambridge series in statistical and probabilistic mathematics}, 
    title={Asymptotic statistics}, 
    ISBN={9780521784504}, 
    publisher={Cambridge Univ. Press}, 
    author={Vaart, Aad W. van der}, 
    year={2007}, 
    collection={Cambridge series in statistical and probabilistic mathematics} 
}
@article{Kruskal_Wallis_1952, 
    title={Use of Ranks in One-Criterion Variance Analysis}, 
    volume={47}, 
    url={http://dx.doi.org/10.1080/01621459.1952.10483441}, 
    DOI={10.1080/01621459.1952.10483441}, 
    number={260}, 
    journal={Journal of the American Statistical Association}, 
    publisher={Informa UK Limited}, 
    author={Kruskal, William H. and Wallis, W. Allen}, 
    year={1952}, 
    month={Dec}, 
    pages={583–621} 
}
@Article{Lee2020,
    author={Lee, Sangseok
    and Lee, Dong Kyu},
    title={What is the proper way to apply the multiple comparison test?},
    journal={Korean journal of anesthesiology},
    year={2020},
    month={Dec},
    edition={2020/11/18},
    publisher={Korean Society of Anesthesiologists},
    volume={73},
    number={6},
    pages={572-572},
    note={33271011[pmid]},
    note={PMC7714636[pmcid]},
    note={kja.d.18.00242.e1[PII]},
    issn={2005-7563},
    doi={10.4097/kja.d.18.00242.e1},
    url={https://pubmed.ncbi.nlm.nih.gov/33271011},
    url={https://doi.org/10.4097/kja.d.18.00242.e1},
    language={eng}
}
@book{Morettin_Bussab_2010, 
    place={São Paulo}, 
    title={Estatistica basica}, 
    ISBN={9788502081772}, 
    publisher={Saraiva}, 
    author={Morettin, Pedro Alberto and Bussab, Wilton de Oliveira}, 
    year={2010} 
}
@book{freedman_2009, 
    place={Cambridge}, 
    edition={2}, title={Statistical Models: Theory and Practice},
    DOI={10.1017/CBO9780511815867}, 
    publisher={Cambridge University Press}, 
    author={Freedman, David A.}, 
    year={2009},
    pages={26}
}
